@article{ramscar2010effects,
  title={The effects of feature-label-order and their implications for symbolic learning},
  author={Ramscar, Michael and Yarlett, Daniel and Dye, Melody and Denny, Katie and Thorpe, Kirsten},
  journal={Cognitive science},
  volume={34},
  number={6},
  pages={909--957},
  year={2010},
  publisher={Wiley Online Library}
}

@article{rescorla1972theory,
  title={A theory of Pavlovian conditioning: Variations in the effectiveness of reinforcement and nonreinforcement},
  author={Rescorla, Robert A and Wagner, Allan R and others},
  journal={Classical conditioning II: Current research and theory},
  volume={2},
  pages={64--99},
  year={1972},
  publisher={New-York}
}

@article{nixon2020mice,
  title={Of mice and men: Speech sound acquisition as discriminative learning from prediction error, not just statistical tracking},
  author={Nixon, Jessie S},
  journal={Cognition},
  volume={197},
  pages={104081},
  year={2020},
  publisher={Elsevier}
}

@article{vujovic2019,
  title={Vujovi{\'c}, Ramscar \& Wonnacott (pre-print). Language learning as uncertainty reduction: The role of prediction error in linguistic generalization and item learning},
  author={Vujovi{\'c}, Ma{\v{s}}a and Ramscar, Michael and Wonnacott, Elizabeth},
  year={2019},
  publisher={OSF Preprints}
}

@book{dienes2008understanding,
  title={Understanding psychology as a science: An introduction to scientific and statistical inference},
  author={Dienes, Zoltan},
  year={2008},
  publisher={Macmillan International Higher Education}
}